@inproceedings{Aubert2022b,
    title        = {mwp-Analysis Improvement and Implementation: Realizing Implicit Computational Complexity},
    author       = {Cl{\'{e}}ment Aubert and Thomas Rubiano and Neea Rusch and Thomas Seiller},
    year         = 2022,
    booktitle    = {{FSCD} 2022},
    publisher    = {Schloss Dagstuhl - Leibniz-Zentrum f{\"{u}}r Informatik},
    series       = {LIPIcs},
    volume       = 228,
    pages        = {26:1--26:23},
    doi          = {10.4230/LIPIcs.FSCD.2022.26},
}
@inproceedings{splash22,
    title        = {Formally Verified Resource Bounds Through Implicit Computational Complexity},
    author       = {Rusch, Neea},
    year         = 2022,
    booktitle    = {Companion Proceedings of the 2022 ACM SIGPLAN International Conference on Systems, Programming, Languages, and Applications: Software for Humanity},
    publisher    = {Association for Computing Machinery},
    series       = {SPLASH Companion 2022},
    volume       = {},
    pages        = {},
    doi          = {10.1145/3563768.3565545},
}
@unpublished{vmcai23,
    title        = {Distributing and Parallelizing Non-canonical Loops},
    author       = {Cl{\'{e}}ment Aubert and Thomas Rubiano and Neea Rusch and Thomas Seiller},
    year         = 2023,
    note         = {To appear in Verification, Model Checking, and Abstract Interpretation (VMCAI)}
}
@unpublished{tacas2023,
    title        = {pymwp: A Tool for Guaranteeing Complexity Bounds for C Programs},
    author       = {Cl{\'{e}}ment Aubert and Thomas Rubiano and Neea Rusch and Thomas Seiller},
    year         = 2023,
    note         = {Submitted to 29th International Conference on Tools and Algorithms for the Construction and Analysis of Systems (TACAS)}
}
@unpublished{coqpl23,
    title        = {Certifying Complexity Analysis},
    author       = {Cl{\'{e}}ment Aubert and Thomas Rubiano and Neea Rusch and Thomas Seiller},
    year         = 2023,
    note         = {At the Ninth International Workshop on Coq for Programming Languages (CoqPL)},
    keywords     = {np}
}
@unpublished{types22,
    title        = {Realizing Implicit Computational Complexity},
    author       = {Cl{\'{e}}ment Aubert and Thomas Rubiano and Neea Rusch and Thomas Seiller},
    year         = 2022,
    note         = {At the 28th International Conference on Types for Proofs and Programs (TYPES)},
    url          = {https://types22.inria.fr/files/2022/06/TYPES_2022_paper_14.pdf},
    keywords     = {np}
}
@software{loopfis_artifact,
    title        = {{Distributing and Parallelizing Non-canonical Loops -- Artifact}},
    author       = {Cl{\'{e}}ment Aubert and Thomas Rubiano and Neea Rusch and Thomas Seiller},
    year         = 2022,
    month        = sep,
    publisher    = {Zenodo},
    doi          = {10.5281/zenodo.7080145},
    url          = {https://github.com/statycc/loop-fission},
    version      = {1.0}
}
@software{pymwp_artifact,
    title        = {pymwp: A Tool for Guaranteeing Complexity Bounds for C Programs},
    author       = {Cl{\'{e}}ment Aubert and Thomas Rubiano and Neea Rusch and Thomas Seiller},
    year         = 2022,
    month        = oct,
    publisher    = {Zenodo},
    doi          = {10.5281/zenodo.7159134},
    url          = {https://github.com/statycc/pymwp},
    version      = {1.0}
}