@article{abel2002,
    title        = {{A predicative analysis of structural recursion}},
    author       = {Andreas Abel and Thorsten Altenkirch},
    year         = 2002,
    journal      = {Journal of Functional Programming},
    volume       = 12,
    number       = 1,
    pages        = {1--41},
    doi          = {10.1017/S0956796801004191}
}
@article{abu-sufah1981,
    title        = {{On the Performance Enhancement of Paging Systems Through Program Analysis and Transformations}},
    author       = {Abu-Sufah and Kuck and Lawrie},
    year         = 1981,
    journal      = {IEE Transactions on Computers},
    volume       = {C-30},
    number       = 5,
    pages        = {341--356},
    doi          = {10.1109/TC.1981.1675792}
}
@article{albert2012,
    title        = {{Cost analysis of object-oriented bytecode programs}},
    author       = {Albert, Elvira and Arenas, Puri and Genaim, Samir and Puebla, German and Zanardini, Damiano},
    year         = 2012,
    journal      = {Theoretical Computer Science},
    publisher    = {Elsevier},
    volume       = 413,
    number       = 1,
    pages        = {142--159},
    doi          = {10.1016/j.tcs.2011.07.009}
}
@article{arabnejad2020,
    title        = {{Source-to-source compilation targeting OpenMP-based automatic parallelization of {C} applications}},
    author       = {Hamid Arabnejad and Jo{\~{a}}o Bispo and Jo{\~{a}}o M. P. Cardoso and Jorge G. Barbosa},
    year         = 2020,
    month        = {Sep},
    journal      = {The Journal of Supercomputing},
    volume       = 76,
    number       = 9,
    pages        = {6753--6785},
    doi          = {10.1007/s11227-019-03109-9},
    issn         = {1573-0484}
}
@article{bae2013,
    title        = {{The Cetus Source-to-Source Compiler Infrastructure: Overview and Evaluation}},
    author       = {Hansang Bae and Dheya Mustafa and Jae{-}Woo Lee and Aurangzeb and Hao Lin and Chirag Dave and Rudolf Eigenmann and Samuel P. Midkiff},
    year         = 2013,
    journal      = {International Journal of Parallel Programming},
    volume       = 41,
    number       = 6,
    pages        = {753--767},
    doi          = {10.1007/s10766-012-0211-z}
}
@article{barthe2014,
    title        = {{Formal Verification of an {SSA}-Based Middle-End for CompCert}},
    author       = {Gilles Barthe and Delphine Demange and David Pichardie},
    year         = 2014,
    journal      = {ACM Transactions on Programming Languages and Systems},
    volume       = 36,
    number       = 1,
    pages        = {4:1--4:35},
    doi          = {10.1145/2579080}
}
@article{bondhugula2008,
    title        = {{A Practical Automatic Polyhedral Parallelizer and Locality Optimizer}},
    author       = {Bondhugula, Uday and Hartono, Albert and Ramanujam, J. and Sadayappan, P.},
    year         = 2008,
    month        = {jun},
    journal      = {ACM SIGPLAN Notices},
    publisher    = {Association for Computing Machinery},
    address      = {New York, NY, USA},
    volume       = 43,
    number       = 6,
    pages        = {101–113},
    doi          = {10.1145/1379022.1375595},
    issn         = {0362-1340}
}
@article{dave2009,
    title        = {{Cetus: {A} Source-to-Source Compiler Infrastructure for Multicores}},
    author       = {Chirag Dave and Hansang Bae and Seung{-}Jai Min and Seyong Lee and Rudolf Eigenmann and Samuel P. Midkiff},
    year         = 2009,
    journal      = {Computer},
    volume       = 42,
    number       = 11,
    pages        = {36--42},
    doi          = {10.1109/MC.2009.385}
}
@article{ferrante1987,
    title        = {{The Program Dependence Graph and Its Use in Optimization}},
    author       = {Ferrante, Jeanne and Ottenstein, Karl J. and Warren, Joe D.},
    year         = 1987,
    month        = {jul},
    journal      = {ACM Transactions on Programming Languages and Systems},
    publisher    = {Association for Computing Machinery},
    address      = {New York, NY, USA},
    volume       = 9,
    number       = 3,
    pages        = {319–349},
    doi          = {10.1145/24039.24041},
    issn         = {0164-0925}
}
@article{hoeven2019,
    title        = {{Fast {G}r{\"o}bner basis computation and polynomial reduction for generic bivariate ideals}},
    author       = {van der Hoeven, Joris and Larrieu, Robin},
    year         = 2019,
    month        = {Dec},
    journal      = {Applicable Algebra in Engineering, Communication and Computing},
    volume       = 30,
    number       = 6,
    pages        = {509--539},
    doi          = {10.1007/s00200-019-00389-9},
    issn         = {1432-0622}
}
@article{lafont2004,
    title        = {{Soft linear logic and polynomial time}},
    author       = {Lafont, Yves},
    year         = 2004,
    journal      = {Theoretical Computer Science},
    publisher    = {Elsevier},
    volume       = 318,
    number       = 1,
    pages        = {163--180},
    doi          = {10.1016/j.tcs.2003.10.018}
}
@article{mkarp1967,
    title        = {{The Organization of Computations for Uniform Recurrence Equations}},
    author       = {Richard M. Karp and Raymond E. Miller and Shmuel Winograd},
    year         = 1967,
    journal      = {Journal of the ACM},
    volume       = 14,
    number       = 3,
    pages        = {563--590},
    doi          = {10.1145/321406.321418}
}
@article{moyen20172b,
    title        = {{Loop Quasi-Invariant Chunk Motion by peeling with statement composition}},
    author       = {Moyen, Jean{-}Yves and Rubiano, Thomas and Seiller, Thomas},
    year         = 2017,
    journal      = {Electronic Proceedings in Theoretical Computer Science},
    publisher    = {Open Publishing Association},
    volume       = 248,
    pages        = {47--59},
    doi          = {10.4204/EPTCS.248.9},
    issn         = {2075-2180},
    url          = {http://arxiv.org/abs/1704.05169},
    editor       = {Guillaume Bonfante and Georg Moser}
}
@article{prema2019,
    title        = {{A study on popular auto-parallelization frameworks}},
    author       = {S. Prema and Rupesh Nasre and R. Jehadeesan and B.K. Panigrahi},
    year         = 2019,
    month        = feb,
    journal      = {Concurrency and Computation: Practice and Experience},
    publisher    = {Wiley},
    volume       = 31,
    number       = 17,
    pages        = {e5168},
    doi          = {10.1002/cpe.5168}
}
@article{rkchung1980,
    title        = {{On the coverings of graphs}},
    author       = {F. R. K. Chung},
    year         = 1980,
    journal      = {Discrete Mathematics},
    volume       = 30,
    number       = 2,
    pages        = {89--93},
    doi          = {10.1016/0012-365X(80)90109-0}
}
@book{aho2006,
    title        = {{Compilers: Principles, Techniques, and Tools (2nd Edition)}},
    author       = {Aho, Alfred V. and Lam, Monica S. and Sethi, Ravi and Ullman, Jeffrey D.},
    year         = 2006,
    month        = aug,
    publisher    = {Addison Wesley},
    isbn         = {0321486811}
}
@book{baier2008,
    title        = {{Principles of Model Checking}},
    author       = {Baier, C. and Katoen, J.P. and Larsen, K.G.},
    year         = 2008,
    publisher    = {MIT Press},
    isbn         = 9780262026499
}
@inbook{jones1995,
    title        = {{Abstract Interpretation: A Semantics-Based Tool for Program Analysis}},
    author       = {Jones, Neil D. and Nielson, Flemming},
    year         = 1995,
    booktitle    = {Semantic Modelling},
    publisher    = {Oxford University Press},
    series       = {Handbook of Logic in Computer Science},
    volume       = 4,
    pages        = {527--636},
    doi          = {10.1093/oso/9780198537809.003.0005},
    isbn         = 9780198537809,
    editor       = {Abramsky, Samson and Gabbay, Dov M. and Maibaum, Thomas Stephen Edward}
}
@inbook{vitorovic2014,
    title        = {{Manual Parallelization Versus State-of-the-Art Parallelization Techniques}},
    author       = {Aleksandar Vitorović and Milo V. Tomašević and Veljko M. Milutinović},
    year         = 2014,
    booktitle    = {Advances in Computers},
    publisher    = {Elsevier},
    volume       = 92,
    pages        = {203--251},
    doi          = {10.1016/B978-0-12-420232-0.00005-2},
    issn         = {0065-2458},
    editor       = {Ali Hurson}
}
@inproceedings{albert2007,
    title        = {{COSTA: Design and Implementation of a Cost and Termination Analyzer for Java Bytecode}},
    author       = {Elvira Albert and Puri Arenas and Samir Genaim and German Puebla and Damiano Zanardini},
    year         = 2007,
    booktitle    = {Formal Methods for Components and Objects},
    publisher    = {Springer Berlin Heidelberg},
    series       = {LNCS},
    volume       = 5382,
    pages        = {113--132},
    doi          = {10.1007/978-3-540-92188-2_5},
    isbn         = {978-3-540-92187-5},
    editor       = {Frank S. de Boer and Marcello M. Bonsangue and Susanne Graf and Willem P. de Roever}
}
@inproceedings{alias2010,
    title        = {{Multi-dimensional rankings, program termination, and complexity bounds of flowchart programs}},
    author       = {Alias, Christophe and Darte, Alain and Feautrier, Paul and Gonnord, Laure},
    year         = 2010,
    booktitle    = {Static Analysis},
    publisher    = {Springer International Publishing},
    pages        = {117--133},
    doi          = {10.1007/978-3-642-15769-1_8},
    isbn         = 9783642157691,
    issn         = {1611-3349}
}
@inproceedings{amini20121,
    title        = {{Par4All: From Convex Array Regions to Heterogeneous Computing}},
    author       = {Amini, Mehdi and Creusillet, B{\'e}atrice and Even, St{\'e}phanie and Keryell, Ronan and Goubier, Onig and Guelton, Serge and Mcmahon, Janice Onanian and Pasquier, Fran{\c c}ois-Xavier and P{\'e}an, Gr{\'e}goire and Villalon, Pierre},
    year         = 2012,
    month        = jan,
    booktitle    = {{IMPACT 2012 : Second International Workshop on Polyhedral Compilation Techniques HiPEAC 2012}},
    address      = {Paris, France},
    url          = {https://hal-mines-paristech.archives-ouvertes.fr/hal- 00744733}
}
@inproceedings{baillot2004,
    title        = {{Light Types for Polynomial Time Computation in Lambda-Calculus}},
    author       = {Baillot, Patrick and Terui, Kazushige},
    year         = 2004,
    booktitle    = {Proceedings of the 19th Annual IEEE Symposium on Logic in Computer Science, 2004},
    publisher    = {IEEE Computer Society},
    pages        = {266--275},
    doi          = {10.1109/LICS.2004.1319621},
    isbn         = {0-7695-2192-4}
}
@inproceedings{bellantoni1992b,
    title        = {{A New Recursion-Theoretic Characterization of the Polytime Functions (Extended Abstract)}},
    author       = {Bellantoni, Stephen J. and Cook, Stephen Arthur},
    year         = 1992,
    booktitle    = {Proceedings of the twenty-fourth annual ACM symposium on Theory of computing  - STOC '92},
    publisher    = {ACM},
    series       = {STOC '92},
    pages        = {283--93},
    doi          = {10.1145/129712.129740},
    isbn         = {0-89791-511-9},
    collection   = {STOC '92},
    editor       = {Kosaraju, S. Rao and Fellows, Mike and Wigderson, Avi and Ellis, John A.}
}
@inproceedings{benabderrahmane2010,
    title        = {{The Polyhedral Model Is More Widely Applicable Than You Think}},
    author       = {Mohamed{-}Walid Benabderrahmane and Louis{-}No{\"{e}}l Pouchet and Albert Cohen and C{\'{e}}dric Bastoul},
    year         = 2010,
    booktitle    = {Compiler Construction},
    publisher    = {Springer},
    series       = {LNCS},
    volume       = 6011,
    pages        = {283--303},
    doi          = {10.1007/978-3-642-11970-5_16},
    isbn         = {978-3-642-11969-9},
    editor       = {Rajiv Gupta}
}
@inproceedings{cousot19771,
    title        = {{Static Determination of Dynamic Properties of Recursive Procedures}},
    author       = {Patrick Cousot and Radhia Cousot},
    year         = 1978,
    booktitle    = {IFIP Conference on Formal Description of Programming Concepts},
    publisher    = {North-Holland Publishing Company},
    pages        = {237--278},
    isbn         = {0-444-85107-0},
    editor       = {Erich J. Neuhold}
}
@inproceedings{cousot19772,
    title        = {{Abstract Interpretation: {A} Unified Lattice Model for Static Analysis of Programs by Construction or Approximation of Fixpoints}},
    author       = {Cousot, Patrick and Cousot, Radhia},
    year         = 1977,
    booktitle    = {Proceedings of the 4th ACM SIGACT-SIGPLAN symposium on Principles of programming languages  - POPL '77},
    publisher    = {{ACM}},
    series       = {POPL '77},
    pages        = {238--252},
    doi          = {10.1145/512950.512973},
    collection   = {POPL '77},
    editor       = {Robert M. Graham and Michael A. Harrison and Ravi Sethi}
}
@inproceedings{gulwani2009,
    title        = {{SPEED: Precise and Efficient Static Estimation of Program Computational Complexity}},
    author       = {Gulwani, Sumit and Mehra, Krishna K. and Chilimbi, Trishul},
    year         = 2009,
    booktitle    = {Proceedings of the 36th Annual ACM SIGPLAN-SIGACT Symposium on Principles of Programming Languages},
    publisher    = {Association for Computing Machinery},
    address      = {New York, NY, USA},
    series       = {POPL '09},
    pages        = {127–139},
    doi          = {10.1145/1480881.1480898},
    isbn         = 9781605583792
}
@inproceedings{kristiansen2005b,
    title        = {{The Flow of Data and the Complexity of Algorithms}},
    author       = {Lars Kristiansen and Neil D. Jones},
    year         = 2005,
    booktitle    = {New Computational Paradigms},
    publisher    = {Springer Berlin Heidelberg},
    series       = {LNCS},
    volume       = 3526,
    pages        = {263--274},
    doi          = {10.1007/11494645_33},
    isbn         = {3-540-26179-6},
    editor       = {S. Barry Cooper and Benedikt L{\"{o}}we and Leen Torenvliet}
}
@inproceedings{laird2013,
    title        = {{Weighted Relational Models of Typed Lambda-Calculi}},
    author       = {Jim Laird and Giulio Manzonetto and Guy McCusker and Michele Pagani},
    year         = 2013,
    booktitle    = {2013 28th Annual ACM/IEEE Symposium on Logic in Computer Science},
    publisher    = {IEEE Computer Society},
    pages        = {301--310},
    doi          = {10.1109/LICS.2013.36},
    isbn         = {978-1-4799-0413-6}
}
@inproceedings{lattner2004,
    title        = {{LLVM: A Compilation Framework for Lifelong Program Analysis \& Transformation}},
    author       = {Chris Lattner and Vikram S. Adve},
    year         = 2004,
    booktitle    = {International Symposium on Code Generation and Optimization, 2004. CGO 2004.},
    publisher    = {IEEE Computer Society},
    pages        = {75--88},
    doi          = {10.1109/CGO.2004.1281665},
    isbn         = {0-7695-2102-9},
    url          = {https://ieeexplore.ieee.org/xpl/conhome/9012/proceeding}
}
@inproceedings{lichtman2017,
    title        = {{Arrays and References in Resource Aware {ML}}},
    author       = {Benjamin Lichtman and Hoffmann, Jan},
    year         = 2017,
    booktitle    = {2nd International Conference on Formal Structures for Computation and Deduction (FSCD 2017)},
    publisher    = {Schloss Dagstuhl - Leibniz-Zentrum für Informatik},
    series       = {LIPIcs},
    volume       = 84,
    pages        = {26:1--26:20},
    doi          = {10.4230/LIPIcs.FSCD.2017.26},
    isbn         = {978-3-95977-047-7},
    url          = {http://www.dagstuhl.de/dagpub/978-3-95977-047-7},
    editor       = {Dale Miller}
}
@inproceedings{mamadio2013,
    title        = {{Certified Complexity (CerCo)}},
    author       = {Roberto M. Amadio and Nicholas Ayache and Fran{\c{c}}ois Bobot and Jaap Boender and Brian Campbell and Ilias Garnier and Antoine Madet and James McKinna and Dominic P. Mulligan and Mauro Piccolo and Randy Pollack and Yann Régis{-}Gianas and Claudio Sacerdoti Coen and Ian Stark and Paolo Tranquilli},
    year         = 2013,
    booktitle    = {Foundational and Practical Aspects of Resource Analysis},
    publisher    = {Springer International Publishing},
    series       = {LNCS},
    volume       = 8552,
    pages        = {1--18},
    doi          = {10.1007/978-3-319-12466-7_1},
    isbn         = 9783319124667,
    editor       = {Ugo Dal Lago and Ricardo Pe{\~{n}}a}
}
@inproceedings{mben-amram2008,
    title        = {{Linear, Polynomial or Exponential? Complexity Inference in Polynomial Time}},
    author       = {Amir M. Ben{-}Amram and Neil D. Jones and Lars Kristiansen},
    year         = 2008,
    booktitle    = {Logic and Theory of Algorithms},
    publisher    = {Springer Berlin Heidelberg},
    series       = {LNCS},
    volume       = 5028,
    pages        = {67--76},
    doi          = {10.1007/978-3-540-69407-6_7},
    isbn         = {978-3-540-69405-2},
    editor       = {Arnold Beckmann and Costas Dimitracopoulos and Benedikt Löwe}
}
@inproceedings{mben-amram2010,
    title        = {{On Decidable Growth-Rate Properties of Imperative Programs}},
    author       = {Amir M. Ben{-}Amram},
    year         = 2010,
    booktitle    = {Electronic Proceedings in Theoretical Computer Science},
    series       = {EPTCS},
    volume       = 23,
    pages        = {1--14},
    doi          = {10.4204/EPTCS.23.1},
    issn         = {2075-2180},
    editor       = {Baillot, Patrick}
}
@inproceedings{mehta2014,
    title        = {{Revisiting loop fusion in the polyhedral framework}},
    author       = {Sanyam Mehta and Pei{-}Hung Lin and Pen{-}Chung Yew},
    year         = 2014,
    booktitle    = {Proceedings of the 19th ACM SIGPLAN symposium on Principles and practice of parallel programming},
    publisher    = {{ACM}},
    pages        = {233--246},
    doi          = {10.1145/2555243.2555250},
    isbn         = {978-1-4503-2656-8},
    collection   = {PPoPP '14},
    editor       = {Jos{\'{e}} E. Moreira and James R. Larus}
}
@inproceedings{moser2018,
    title        = {{Automated amortised resource analysis for term rewrite systems}},
    author       = {Moser, Georg and Schneckenreither, Manuel},
    year         = 2018,
    booktitle    = {Functional and Logic Programming (FLOPS 2018)},
    publisher    = {Springer International Publishing},
    pages        = {214--229},
    doi          = {10.1007/978-3-319-90686-7_14}
}
@inproceedings{palkowski2015,
    title        = {{{TRACO:} An automatic loop nest parallelizer for numerical applications}},
    author       = {Marek Palkowski and Tomasz Klimek and Wlodzimierz Bielecki},
    year         = 2015,
    booktitle    = {Proceedings of the 2015 Federated Conference on Computer Science and Information Systems},
    publisher    = {{IEEE}},
    series       = {Annals of Computer Science and Information Systems},
    volume       = 5,
    pages        = {681--686},
    doi          = {10.15439/2015F34},
    isbn         = {978-8-3608-1065-1},
    editor       = {Maria Ganzha and Leszek A. Maciaszek and Marcin Paprzycki}
}
@inproceedings{rauchwerger1995,
    title        = {{Parallelizing While Loops for Multiprocessor Systems}},
    author       = {Rauchwerger, Lawrence and Padua, David A.},
    year         = 1995,
    booktitle    = {Proceedings of the 9th International Symposium on Parallel Processing},
    publisher    = {IEEE Computer Society},
    address      = {USA},
    series       = {IPPS '95},
    pages        = {347–356},
    isbn         = {0818670746}
}
@inproceedings{seiller2016,
    title        = {{Interaction Graphs: Full Linear Logic}},
    author       = {Seiller, Thomas},
    year         = 2016,
    booktitle    = {Proceedings of the 31st Annual ACM/IEEE Symposium on Logic in Computer Science},
    publisher    = {{ACM}},
    pages        = {427--436},
    doi          = {10.1145/2933575.2934568},
    isbn         = {978-1-4503-4391-6},
    editor       = {Martin Grohe and Eric Koskinen and Natarajan Shankar}
}
@inproceedings{zhao2013,
    title        = {{Formal verification of {SSA}-based optimizations for {LLVM}}},
    author       = {Jianzhou Zhao and Santosh Nagarakatte and Milo M. K. Martin and Steve Zdancewic},
    year         = 2013,
    booktitle    = {Proceedings of the 34th ACM SIGPLAN Conference on Programming Language Design and Implementation},
    publisher    = {{ACM}},
    pages        = {175--186},
    doi          = {10.1145/2491956.2462164},
    isbn         = {978-1-4503-2014-6},
    editor       = {Hans{-}Juergen Boehm and Cormac Flanagan}
}
@manual{icc_manual,
    title        = {{Intel C++ Compiler Classic Developer Guide and Reference}},
    author       = {{Intel Corporation}},
    url          = {https://www.intel.com/content/dam/develop/external/us/en/ documents/cpp_compiler_classic.pdf}
}
@manual{oarb21,
    title        = {{OpenMP Application Programming Interface Specification Version 5.2}},
    year         = 2021,
    month        = nov,
    publisher    = {OpenMP Architecture Review Board},
    isbn         = {979-8-49737019-5},
    url          = {https://www.openmp.org/wp-content/uploads/OpenMP-API- Specification-5-2.pdf},
    editor       = {Klemm, Michael and de Supinski, Bronis R.}
}
@manual{pymwp_doc,
    title        = {{pymwp documentation}},
    year         = 2023,
    url          = {https://statycc.github.io/pymwp/},
    key          = {pymwp}
}
@manual{rose,
    title        = {{ROSE User Manual: A Tool for Building Source-to-Source Translators Draft User Manual (version 0.9.11.115)}},
    author       = {Daniel Quinlan and Chunhua Liao and Thomas Panas and Robb Matzke and Markus Schordan and Rich Vuduc and and Qing Yi},
    url          = {http://rosecompiler.org/uploads/ROSE-UserManual.pdf}
}
@manual{team2022,
    title        = {{Coq documentation}},
    author       = {Coq Team},
    year         = 2022,
    url          = {https://coq.github.io/doc/},
    key          = {Coq}
}
@mastersthesis{grosser2011,
    title        = {{Enabling Polyhedral Optimizations in LLVM}},
    author       = {Grosser, Tobias},
    year         = 2011,
    month        = 4,
    url          = {https://polly.llvm.org/publications/grosser-diploma-thesis.pdf},
    type         = {Diploma Thesis},
    school       = {Universität Passau}
}
@misc{gccLoop,
    title        = {{gcc.gnu.org Git - gcc.git/blob - gcc/tree-loop-distribution.c}},
    url          = {https://gcc.gnu.org/git/?p=gcc.git;a=blob;f=gcc/tree-loop- distribution.c;h=65aa1df4abae2c6acf40299f710bc62ee6bacc07;hb=HEAD#l39},
    key          = {gcc}
}
@misc{llvmLoop,
    title        = {{[LoopFission]: Loop Fission Interference Graph (FIG)}},
    url          = {https://reviews.llvm.org/D73801},
    key          = {llvm}
}
@misc{pymwp_pypi,
    title        = {{pymwp at {Python Package Index}}},
    year         = 2023,
    url          = {https://pypi.org/project/pymwp/},
    key          = {pymwp}
}
@phdthesis{amini20122,
    title        = {{Source-to-Source Automatic Program Transformations for GPU-like Hardware Accelerators}},
    author       = {Amini, Mehdi},
    year         = 2012,
    month        = 12,
    url          = {https://pastel.archives-ouvertes.fr/pastel-00958033},
    school       = {{Ecole Nationale Sup{\'e}rieure des Mines de Paris}}
}
@phdthesis{gueneau2019,
    title        = {{Mechanized Verification of the Correctness and Asymptotic Complexity of Programs. (Vérification mécanisée de la correction et complexité asymptotique de programmes)}},
    author       = {Arma{\"{e}}l Guéneau},
    year         = 2019,
    month        = 12,
    url          = {https://tel.archives-ouvertes.fr/tel-02437532},
    school       = {Inria, Paris, France}
}
@software{aubert2021,
    title        = {{LQICM On C Toy Parser}},
    author       = {Aubert, Clément and Rubiano, Thomas and Rusch, Neea and Seiller, Thomas},
    year         = 2021,
    month        = 3,
    url          = {https://github.com/statycc/LQICM_On_C_Toy_Parser}
}
@software{pymwp_source,
    title        = {{pymwp source code repository}},
    year         = 2025,
    url          = {https://github.com/statycc/pymwp},
    key          = {pymwp}
}
@unpublished{aubert20223,
    title        = {{A Novel Loop Fission Technique Inspired by Implicit Computational Complexity}},
    author       = {Aubert, Clément and Rubiano, Thomas and Rusch, Neea and Seiller, Thomas},
    year         = 2022,
    month        = may,
    url          = {https://hal.archives-ouvertes.fr/hal-03669387v1},
    note         = {Draft}
}
