@article{avanzini2017,
    title        = {Automating Sized-Type Inference for Complexity Analysis},
    author       = {Avanzini, Martin and Dal Lago, Ugo},
    year         = 2017,
    month        = aug,
    journal      = {Proceedings of the ACM on Programming Languages},
    publisher    = {Association for Computing Machinery},
    volume       = 1,
    number       = {ICFP},
    pages        = {43:1--43:29},
    doi          = {10.1145/3110287},
    issn         = {2475-1421}
}
@article{avanzini2020,
    title        = {A Modular Cost Analysis for Probabilistic Programs},
    author       = {Avanzini, Martin and Moser, Georg and Schaper, Michael},
    year         = 2020,
    month        = nov,
    journal      = {Proceedings of the ACM on Programming Languages},
    publisher    = {Association for Computing Machinery},
    volume       = 4,
    number       = {OOPSLA},
    pages        = {172:1--172:30},
    doi          = {10.1145/3428240},
    issn         = {2475-1421}
}
@article{chlipala2010,
    title        = {An Introduction to Programming and Proving with Dependent Types in Coq},
    author       = {Adam Chlipala},
    year         = 2010,
    journal      = {Journal of Formalized Reasoning},
    publisher    = {},
    volume       = 3,
    number       = 2,
    pages        = {1--93},
    doi          = {10.6092/issn.1972-5787/1978}
}
@article{ciaffaglione2016,
    title        = {Towards Turing computability via coinduction},
    author       = {Alberto Ciaffaglione},
    year         = 2016,
    month        = sep,
    journal      = {Science of Computer Programming},
    publisher    = {Elsevier},
    volume       = 126,
    number       = {},
    pages        = {31--51},
    doi          = {10.1016/j.scico.2016.02.004},
    issn         = {0167-6423}
}
@article{coquand1988,
    title        = {The Calculus of Constructions},
    author       = {Coquand, Thierry and P. Huet, G{\'{e}}rard},
    year         = 1988,
    month        = feb,
    journal      = {Information and Computation},
    publisher    = {Elsevier},
    volume       = 76,
    number       = {2/3},
    pages        = {95--120},
    doi          = {10.1016/0890-5401(88)90005-3},
    issn         = {0890-5401}
}
@article{dallago2022,
    title        = {Implicit computation complexity in higher-order programming languages: A Survey in Memory of Martin Hofmann},
    author       = {Ugo Dal Lago},
    year         = 2022,
    month        = mar,
    journal      = {Mathematical Structures in Computer Science},
    publisher    = {Cambridge University Press},
    volume       = 32,
    number       = 6,
    pages        = {760---776},
    doi          = {10.1017/S0960129521000505},
    issn         = {1469-8072}
}
@article{denning76,
    title        = {A Lattice Model of Secure Information Flow},
    author       = {Dorothy E. Denning},
    year         = 1976,
    journal      = {Communications of the ACM},
    publisher    = {Association for Computing Machinery (ACM)},
    volume       = 19,
    number       = 5,
    pages        = {236--243},
    doi          = {10.1145/360051.360056},
    issn         = {1557-7317}
}
@article{giesl2011,
    title        = {Automated termination proofs for haskell by term rewriting},
    author       = {Giesl, J{\"{u}}rgen and Raffelsieper, Matthias and Schneider{-}Kamp, Peter and Swiderski, Stephan and Thiemann, Ren{\'{e}}},
    year         = 2011,
    month        = jan,
    journal      = {ACM Transactions on Programming Languages and Systems},
    publisher    = {Association for Computing Machinery (ACM)},
    volume       = 33,
    number       = 2,
    pages        = {7:1--7:39},
    doi          = {10.1145/1890028.1890030},
    issn         = {1558-4593}
}
@article{giesl2017,
    title        = {Analyzing program termination and complexity automatically with AProVE},
    author       = {Giesl, J{\"u}rgen and Aschermann, Cornelius and Brockschmidt, Marc and Emmes, Fabian and Frohn, Florian and Fuhs, Carsten and Hensel, Jera and Otto, Carsten and Pl{\"u}cker, Martin and Schneider-Kamp, Peter and others},
    year         = 2016,
    month        = oct,
    journal      = {Journal of Automated Reasoning},
    publisher    = {Springer},
    volume       = 58,
    number       = 1,
    pages        = {3--31},
    doi          = {10.1007/s10817-016-9388-y},
    issn         = {1573-0670}
}
@article{hammer2009,
    title        = {Flow-sensitive, context-sensitive, and object-sensitive information flow control based on program dependence graphs},
    author       = {Hammer, Christian and Snelting, Gregor},
    year         = 2009,
    month        = jun,
    journal      = {International Journal of Information Security},
    publisher    = {Springer Science and Business Media LLC},
    volume       = 8,
    number       = 6,
    pages        = {399--422},
    doi          = {10.1007/s10207-009-0086-1},
    issn         = {1615-5270}
}
@article{jones2009,
    title        = {A flow calculus of \emph{mwp}-bounds for complexity analysis},
    author       = {Jones, Neil D. and Lars Kristiansen},
    year         = 2009,
    month        = aug,
    journal      = {ACM Transactions on Computational Logic},
    publisher    = {Association for Computing Machinery},
    volume       = 10,
    number       = 4,
    pages        = {28:1--28:41},
    doi          = {10.1145/1555746.1555752},
    issn         = {1557-945X}
}
@article{jourdan2015,
    title        = {A formally-verified C static analyzer},
    author       = {Jourdan, Jacques-Henri and Laporte, Vincent and Blazy, Sandrine and Leroy, Xavier and Pichardie, David},
    year         = 2015,
    month        = jan,
    journal      = {ACM SIGPLAN Notices},
    publisher    = {Association for Computing Machinery},
    volume       = 50,
    number       = 1,
    pages        = {247--259},
    doi          = {10.1145/2775051.2676966},
    issn         = {1558-1160}
}
@article{leroy2009,
    title        = {Formal verification of a realistic compiler},
    author       = {Xavier Leroy},
    year         = 2009,
    month        = jul,
    journal      = {Communications of the ACM},
    publisher    = {Association for Computing Machinery},
    volume       = 52,
    number       = 7,
    pages        = {107--115},
    doi          = {10.1145/1538788.1538814},
    issn         = {1557-7317}
}
@article{mccarthy2018,
    title        = {A Coq library for internal verification of running-times},
    author       = {Jay A. McCarthy and Burke Fetscher and Max S. New and Daniel Feltey and Robert Bruce Findler},
    year         = 2018,
    month        = oct,
    journal      = {Science of Computer Programming},
    publisher    = {Elsevier},
    volume       = 164,
    number       = {},
    pages        = {49--65},
    doi          = {10.1016/j.scico.2017.05.001},
    issn         = {0167-6423}
}
@article{rice1953,
    title        = {Classes of recursively enumerable sets and their decision problems},
    author       = {Rice, Henry Gordon},
    year         = 1953,
    month        = mar,
    journal      = {Transactions of the American Mathematical society},
    publisher    = {American Mathematical Society (AMS)},
    volume       = 74,
    number       = 2,
    pages        = {358--366},
    doi          = {10.1090/S0002-9947-1953-0053041-6},
    issn         = {1088-6850}
}
@article{sabelfeld2003,
    title        = {Language-based information-flow security},
    author       = {Sabelfeld, Andrei and Myers, Andrew C},
    year         = 2003,
    month        = jan,
    journal      = {IEEE Journal on Selected Areas in Communications},
    publisher    = {Institute of Electrical and Electronics Engineers (IEEE)},
    volume       = 21,
    number       = 1,
    pages        = {5--19},
    doi          = {10.1109/JSAC.2002.806121},
    issn         = {0733-8716}
}
@article{schneider-kamp2010,
    title        = {Automated termination analysis for logic programs with cut},
    author       = {Schneider{-}Kamp, Peter and Giesl, J{\"{u}}rgen and Ströder, Thomas and Serebrenik, Alexander and Thiemann, Ren{\'{e}}},
    year         = 2010,
    month        = jul,
    journal      = {Theory and Practice of Logic Programming},
    publisher    = {Cambridge University Press (CUP)},
    volume       = 10,
    number       = {4-6},
    pages        = {365--381},
    doi          = {10.1017/S1471068410000165},
    issn         = {1475-3081}
}
@article{volpanoI1996,
    title        = {A Sound Type System for Secure Flow Analysis},
    author       = {Dennis M. Volpano and Irvine, Cynthia E. and Smith, Geoffrey},
    year         = 1996,
    month        = apr,
    journal      = {Journal of Computer Security},
    publisher    = {SAGE Publications},
    volume       = 4,
    number       = {2/3},
    pages        = {167--188},
    doi          = {10.3233/JCS-1996-42-304},
    issn         = {0926-227X}
}
@book{baader1998,
    title        = {Term Rewriting and All That},
    author       = {Baader, Franz and Nipkow, Tobias},
    year         = 1998,
    month        = mar,
    publisher    = {Cambridge University Press},
    doi          = {10.1017/cbo9781139172752},
    isbn         = 9781139172752
}
@book{bertot2004,
    title        = {Interactive theorem proving and program development: Coq’Art: the calculus of inductive constructions},
    author       = {Bertot, Yves and Cast{\'e}ran, Pierre},
    year         = 2004,
    publisher    = {Springer Berlin Heidelberg},
    series       = {Texts in Theoretical Computer Science An EATCS Series},
    pages        = {1--472},
    doi          = {10.1007/978-3-662-07964-5},
    isbn         = 9783662079645,
    issn         = {1862-4499},
    edition      = 1
}
@book{chlipala2022,
    title        = {Formal Reasoning About Programs},
    author       = {Chlipala, Adam},
    year         = 2022,
    publisher    = {The MIT Press},
    pages        = {1--150},
    url          = {http://adam.chlipala.net/frap/frap_book.pdf},
    permalink    = {https://web.archive.org/web/20241128002015/http://adam.chlipala.net/frap/frap_book.pdf}
}
@book{knuth1996,
    title        = {Mathematical Writing},
    author       = {Knuth, Donald E and Larrabee, Tracy and Roberts, Paul M},
    year         = 1996,
    month        = sep,
    publisher    = {The Mathematical Association of America},
    series       = {Mathematical Association of America Notes, Series Number 14},
    pages        = {1--124},
    isbn         = {088385063X,9780883850633},
    url          = {https://jmlr.csail.mit.edu/reviewing-papers/knuth_mathematical_writing.pdf},
    type         = {Lecture notes},
    permalink    = {https://web.archive.org/web/20240625033212/https://jmlr.csail.mit.edu/reviewing-papers/knuth_mathematical_writing.pdf}
}
@book{mahboubi2022,
    title        = {Mathematical Components},
    author       = {Assia Mahboubi and Enrico Tassi},
    year         = 2022,
    month        = sep,
    publisher    = {Zenodo},
    pages        = {1--187},
    doi          = {10.5281/zenodo.7118596}
}
@book{moller2023,
    title        = {Static Program Analysis},
    author       = {M{\o}ller, Anders and Schwartzbach, Michael I},
    year         = 2024,
    publisher    = {Department of Computer Science, Aarhus University},
    pages        = {1--210},
    url          = {https://cs.au.dk/~amoeller/spa/spa.pdf},
    type         = {Lecture notes},
    permalink    = {https://web.archive.org/web/20241126213318/https://cs.au.dk/~amoeller/spa/spa.pdf}
}
@book{nielson2010,
    title        = {Principles of program analysis},
    author       = {Nielson, Flemming and Nielson, Hanne R and Hankin, Chris},
    year         = 2010,
    publisher    = {Springer},
    pages        = {1--473},
    isbn         = 9783642084744
}
@book{sipser2012,
    title        = {Introduction to the Theory of Computation},
    author       = {Sipser, Michael},
    year         = 2012,
    publisher    = {Cengage Learning},
    pages        = {1--458},
    isbn         = 9781133187790,
    edition      = 3
}
@inbook{aubert20232,
    title        = {Distributing and Parallelizing Non-canonical Loops},
    author       = {Aubert, Cl{\'{e}}ment Aubert and Rubiano, Thomas and Rusch, Neea and Seiller, Thomas},
    year         = 2023,
    booktitle    = {Verification, Model Checking, and Abstract Interpretation},
    publisher    = {Springer Nature Switzerland},
    pages        = {1--24},
    doi          = {10.1007/978-3-031-24950-1_1},
    isbn         = 9783031249501,
    issn         = {1611-3349}
}
@inbook{aubert2023b,
    title        = {pymwp: A Static Analyzer Determining Polynomial Growth Bounds},
    author       = {Aubert, Cl{\'{e}}ment and Rubiano, Thomas and Rusch, Neea and Seiller, Thomas},
    year         = 2023,
    booktitle    = {Automated Technology for Verification and Analysis},
    publisher    = {Springer Nature Switzerland},
    pages        = {263--275},
    doi          = {10.1007/978-3-031-45332-8_14},
    isbn         = 9783031453328,
    issn         = {1611-3349}
}
@inbook{avanzini2008,
    title        = {Automated Implicit Computational Complexity Analysis (System Description)},
    author       = {Avanzini, Martin and Moser, Georg and Schnabl, Andreas},
    year         = 2008,
    booktitle    = {Automated Reasoning},
    publisher    = {Springer Berlin Heidelberg},
    pages        = {132--138},
    doi          = {10.1007/978-3-540-71070-7_10},
    isbn         = 9783540710707,
    issn         = {1611-3349}
}
@inbook{blazy2013,
    title        = {Formal Verification of Loop Bound Estimation for {WCET} Analysis},
    author       = {Sandrine Blazy and Andr{\'{e}} Maroneze and David Pichardie},
    year         = 2013,
    booktitle    = {Verified Software: Theories, Tools, Experiments},
    publisher    = {Springer Berlin Heidelberg},
    pages        = {281--303},
    doi          = {10.1007/978-3-642-54108-7_15},
    isbn         = 9783642541087,
    issn         = {1611-3349}
}
@inbook{broberg2013,
    title        = {Paragon for Practical Programming with Information-Flow Control},
    author       = {Broberg, Niklas and van Delft, Bart and Sands, David},
    year         = 2013,
    booktitle    = {Programming Languages and Systems},
    publisher    = {Springer International Publishing},
    pages        = {217--232},
    doi          = {10.1007/978-3-319-03542-0_16},
    isbn         = 9783319035420,
    issn         = {1611-3349}
}
@inbook{carbonneaux2017,
    title        = {Automated Resource Analysis with Coq Proof Objects},
    author       = {Carbonneaux, Quentin and Hoffmann, Jan and Reps, Thomas and Shao, Zhong},
    year         = 2017,
    booktitle    = {Computer Aided Verification},
    publisher    = {Springer International Publishing},
    pages        = {64--85},
    doi          = {10.1007/978-3-319-63390-9_4},
    isbn         = 9783319633909,
    issn         = {1611-3349}
}
@inbook{dallago2011,
    title        = {A Short Introduction to Implicit Computational Complexity},
    author       = {Dal Lago, Ugo},
    year         = 2011,
    booktitle    = {Lectures on Logic and Computation},
    publisher    = {Springer Berlin Heidelberg},
    pages        = {89--109},
    doi          = {10.1007/978-3-642-31485-8_3},
    isbn         = 9783642314858,
    issn         = {1611-3349}
}
@inbook{flores-montoya2016,
    title        = {Upper and Lower Amortized Cost Bounds of Programs Expressed as Cost Relations},
    author       = {Flores-Montoya, Antonio},
    year         = 2016,
    booktitle    = {FM 2016: Formal Methods},
    publisher    = {Springer International Publishing},
    pages        = {254--273},
    doi          = {10.1007/978-3-319-48989-6_16},
    isbn         = 9783319489896,
    issn         = {1611-3349}
}
@inbook{giesl2019,
    title        = {The termination and complexity competition},
    author       = {Giesl, J{\"u}rgen and Rubio, Albert and Sternagel, Christian and Waldmann, Johannes and Yamada, Akihisa},
    year         = 2019,
    booktitle    = {Tools and Algorithms for the Construction and Analysis of Systems},
    publisher    = {Springer International Publishing},
    pages        = {156--166},
    doi          = {10.1007/978-3-030-17502-3_10},
    isbn         = 9783030175023,
    issn         = {1611-3349}
}
@inbook{gueneau2018,
    title        = {A Fistful of Dollars: Formalizing Asymptotic Complexity Claims via Deductive Program Verification},
    author       = {Arma{\"{e}}l Gu{\'{e}}neau and Arthur Chargu{\'{e}}raud and Fran{\c{c}}ois Pottier},
    year         = 2018,
    booktitle    = {Programming Languages and Systems},
    publisher    = {Springer International Publishing},
    pages        = {533--560},
    doi          = {10.1007/978-3-319-89884-1_19},
    isbn         = 9783319898841,
    issn         = {1611-3349}
}
@inbook{hainry2021,
    title        = {Complexityparser: An automatic tool for certifying poly-time complexity of java programs},
    author       = {Hainry, Emmanuel and Jeandel, Emmanuel and P{\'e}choux, Romain and Zeyen, Olivier},
    year         = 2021,
    booktitle    = {Theoretical Aspects of Computing -- ICTAC 2021},
    publisher    = {Springer International Publishing},
    pages        = {357--365},
    doi          = {10.1007/978-3-030-85315-0_20},
    isbn         = 9783030853150,
    issn         = {1611-3349}
}
@inbook{hoffmann2012,
    title        = {Resource Aware {ML}},
    author       = {Hoffmann, Jan and Klaus Aehlig and Martin Hofmann},
    year         = 2012,
    booktitle    = {Computer Aided Verification},
    publisher    = {Springer Berlin Heidelberg},
    pages        = {781--786},
    doi          = {10.1007/978-3-642-31424-7_64},
    isbn         = 9783642314247,
    issn         = {1611-3349}
}
@inbook{huang2014,
    title        = {Type-Based Taint Analysis for Java Web Applications},
    author       = {Huang, Wei and Dong, Yao and Milanova, Ana},
    year         = 2014,
    booktitle    = {Fundamental Approaches to Software Engineering},
    publisher    = {Springer Berlin Heidelberg},
    pages        = {140--154},
    doi          = {10.1007/978-3-642-54804-8_10},
    isbn         = 9783642548048,
    issn         = {1611-3349}
}
@inbook{mclarke2011,
    title        = {Model Checking and the State Explosion Problem},
    author       = {Clarke, Edmund M. and Klieber, William and Nov{\'{a}}{\v{c}}ek, Milo{\v{s}} and Zuliani, Paolo},
    year         = 2011,
    booktitle    = {Tools for Practical Software Verification},
    publisher    = {Springer Berlin Heidelberg},
    pages        = {1--30},
    doi          = {10.1007/978-3-642-35746-6_1},
    isbn         = 9783642357466,
    issn         = {1611-3349}
}
@inbook{moyen20172,
    title        = {Loop Quasi-Invariant Chunk Detection},
    author       = {Moyen, Jean-Yves and Rubiano, Thomas and Seiller, Thomas},
    year         = 2017,
    booktitle    = {Automated Technology for Verification and Analysis},
    publisher    = {Springer International Publishing},
    pages        = {91--108},
    doi          = {10.1007/978-3-319-68167-2_7},
    isbn         = 9783319681672,
    issn         = {1611-3349}
}
@inbook{schneider2001,
    title        = {A language-based approach to security},
    author       = {Schneider, Fred B and Morrisett, Greg and Harper, Robert},
    year         = 2001,
    booktitle    = {Informatics},
    publisher    = {Springer Berlin Heidelberg},
    pages        = {86--101},
    doi          = {10.1007/3-540-44577-3_6},
    isbn         = 9783540445777,
    issn         = {0302-9743}
}
@incollection{cpierce20221,
    title        = {Logical Foundations},
    author       = {Benjamin C. Pierce and Arthur Azevedo de Amorim and Chris Casinghino and Marco Gaboardi and Michael Greenberg and Cătălin Hriţcu and Vilhelm Sjöberg and Brent Yorgey},
    year         = 2022,
    booktitle    = {Software Foundations},
    volume       = 1,
    url          = {https://softwarefoundations.cis.upenn.edu},
    edition      = {Version 6.2}
}
@incollection{cpierce20222,
    title        = {Programming Language Foundations},
    author       = {Benjamin C. Pierce and Arthur Azevedo de Amorim and Chris Casinghino and Marco Gaboardi and Michael Greenberg and Cătălin Hriţcu and Vilhelm Sjöberg and Andrew Tolmach and Brent Yorgey},
    year         = 2022,
    booktitle    = {Software Foundations},
    volume       = 2,
    url          = {https://softwarefoundations.cis.upenn.edu},
    edition      = {Version 6.2}
}
@incollection{hedin2012,
    title        = {A perspective on information-flow control},
    author       = {Hedin, Daniel and Sabelfeld, Andrei},
    year         = 2012,
    booktitle    = {Software safety and security},
    publisher    = {IOS Press},
    pages        = {319--347},
    doi          = {10.3233/978-1-61499-028-4-319},
    isbn         = {978-1-61499-028-4}
}
@inproceedings{abadi1999b,
    title        = {A core calculus of dependency},
    author       = {Abadi, Mart{\'{i}}n and Banerjee, Anindya and Heintze, Nevin and Riecke, Jon G.},
    year         = 1999,
    month        = jan,
    booktitle    = {Proceedings of the 26th ACM SIGPLAN-SIGACT Symposium on Principles of Programming Languages},
    publisher    = {Association for Computing Machinery},
    series       = {POPL99},
    pages        = {147--160},
    doi          = {10.1145/292540.292555}
}
@inproceedings{arzt2014,
    title        = {FlowDroid: precise context, flow, field, object-sensitive and lifecycle-aware taint analysis for Android apps},
    author       = {Arzt, Steven and Rasthofer, Siegfried and Fritz, Christian and Bodden, Eric and Bartel, Alexandre and Klein, Jacques and Le Traon, Yves and Octeau, Damien and McDaniel, Patrick},
    year         = 2014,
    month        = jun,
    booktitle    = {Proceedings of the 35th ACM SIGPLAN Conference on Programming Language Design and Implementation},
    publisher    = {Association for Computing Machinery},
    series       = {PLDI '14},
    volume       = {},
    pages        = {259--269},
    doi          = {10.1145/2594291.2594299}
}
@inproceedings{aubert20222,
    title        = {mwp-Analysis Improvement and Implementation: Realizing Implicit Computational Complexity},
    author       = {Cl{\'{e}}ment Aubert and Thomas Rubiano and Neea Rusch and Thomas Seiller},
    year         = 2022,
    booktitle    = {7th International Conference on Formal Structures for Computation and Deduction (FSCD 2022)},
    publisher    = {Schloss Dagstuhl - Leibniz-Zentrum f{\"{u}}r Informatik},
    series       = {Leibniz International Proceedings in Informatics (LIPIcs)},
    volume       = 228,
    pages        = {26:1--26:23},
    doi          = {10.4230/LIPIcs.FSCD.2022.26}
}
@inproceedings{bowman2015,
    title        = {Noninterference for free},
    author       = {Bowman, William J. and Ahmed, Amal},
    year         = 2015,
    month        = aug,
    booktitle    = {Proceedings of the 20th ACM SIGPLAN International Conference on Functional Programming},
    publisher    = {Association for Computing Machinery},
    series       = {ICFP 2015},
    volume       = {},
    pages        = {101--113},
    doi          = {10.1145/2784731.2784733}
}
@inproceedings{carbonneaux2014,
    title        = {End-to-End Verification of Stack-Space Bounds for C Programs},
    author       = {Carbonneaux, Quentin and Hoffmann, Jan and Ramananandro, Tahina and Shao, Zhong},
    year         = 2014,
    month        = jun,
    booktitle    = {Proceedings of the 35th ACM SIGPLAN Conference on Programming Language Design and Implementation},
    publisher    = {Association for Computing Machinery},
    series       = {PLDI '14},
    volume       = {},
    pages        = {270--281},
    doi          = {10.1145/2594291.2594301}
}
@inproceedings{carbonneaux2015,
    title        = {Compositional Certified Resource Bounds},
    author       = {Carbonneaux, Quentin and Hoffmann, Jan and Shao, Zhong},
    year         = 2015,
    month        = jun,
    booktitle    = {Proceedings of the 36th ACM SIGPLAN Conference on Programming Language Design and Implementation},
    publisher    = {Association for Computing Machinery},
    series       = {PLDI '15},
    volume       = {},
    pages        = {467--478},
    doi          = {10.1145/2737924.2737955}
}
@inproceedings{feree2018,
    title        = {Formal proof of polynomial-time complexity with quasi-interpretations},
    author       = {F{\'{e}}r{\'{e}}e, Hugo and Hym, Samuel and Mayero, Micaela and Moyen, Jean{-}Yves and Nowak, David},
    year         = 2018,
    month        = jan,
    booktitle    = {Proceedings of the 7th ACM SIGPLAN International Conference on Certified Programs and Proofs},
    publisher    = {Association for Computing Machinery},
    series       = {CPP ’18},
    volume       = {},
    pages        = {146--157},
    doi          = {10.1145/3167097}
}
@inproceedings{forster2020,
    title        = {Verified programming of Turing machines in Coq},
    author       = {Yannick Forster and Fabian Kunze and Maximilian Wuttke},
    year         = 2020,
    month        = jan,
    booktitle    = {Proceedings of the 9th ACM SIGPLAN International Conference on Certified Programs and Proofs},
    publisher    = {ACM},
    series       = {POPL ’20},
    pages        = {114--128},
    doi          = {10.1145/3372885.3373816}
}
@inproceedings{freyd1990,
    title        = {Recursive Types Reduced to Inductive Types},
    author       = {Freyd, Peter J.},
    year         = 1990,
    booktitle    = {[1990] Proceedings. Fifth Annual IEEE Symposium on Logic in Computer Science},
    publisher    = {IEEE Computer Society},
    series       = {},
    volume       = {},
    pages        = {498--507},
    doi          = {10.1109/LICS.1990.113772}
}
@inproceedings{gaher2021,
    title        = {{Mechanising Complexity Theory: The Cook-Levin Theorem in Coq}},
    author       = {G\"{a}her, Lennard and Kunze, Fabian},
    year         = 2021,
    booktitle    = {12th International Conference on Interactive Theorem Proving (ITP 2021)},
    publisher    = {Schloss Dagstuhl -- Leibniz-Zentrum f{\"u}r Informatik},
    series       = {Leibniz International Proceedings in Informatics (LIPIcs)},
    volume       = 193,
    pages        = {20:1--20:18},
    doi          = {10.4230/LIPIcs.ITP.2021.20}
}
@inproceedings{goguen1982,
    title        = {Security policies and security models},
    author       = {Goguen, Joseph A and Meseguer, Jos{\'e}},
    year         = 1982,
    month        = apr,
    booktitle    = {1982 IEEE Symposium on Security and Privacy},
    publisher    = {IEEE},
    series       = {},
    volume       = {},
    pages        = {11--20},
    doi          = {10.1109/SP.1982.10014}
}
@inproceedings{grellois2015,
    title        = {{Relational Semantics of Linear Logic and Higher-order Model Checking}},
    author       = {Grellois, Charles and Melli\`{e}s, Paul-Andr\'{e}},
    year         = 2015,
    booktitle    = {24th EACSL Annual Conference on Computer Science Logic (CSL 2015)},
    publisher    = {Schloss Dagstuhl -- Leibniz-Zentrum f{\"u}r Informatik},
    series       = {Leibniz International Proceedings in Informatics (LIPIcs)},
    volume       = 41,
    pages        = {260--276},
    doi          = {10.4230/LIPIcs.CSL.2015.260}
}
@inproceedings{myers1999,
    title        = {JFlow: practical mostly-static information flow control},
    author       = {Myers, Andrew C.},
    year         = 1999,
    booktitle    = {Proceedings of the 26th ACM SIGPLAN-SIGACT Symposium on Principles of Programming Languages},
    publisher    = {Association for Computing Machinery},
    series       = {POPL99},
    pages        = {228--241},
    doi          = {10.1145/292540.292561}
}
@inproceedings{pauck2018,
    title        = {Do Android taint analysis tools keep their promises?},
    author       = {Pauck, Felix and Bodden, Eric and Wehrheim, Heike},
    year         = 2018,
    month        = oct,
    booktitle    = {Proceedings of the 2018 26th ACM Joint Meeting on European Software Engineering Conference and Symposium on the Foundations of Software Engineering},
    publisher    = {Association for Computing Machinery},
    series       = {ESEC/FSE 2018},
    pages        = {331--341},
    doi          = {10.1145/3236024.3236029}
}
@inproceedings{rusch2022,
    title        = {Formally Verified Resource Bounds Through Implicit Computational Complexity},
    author       = {Rusch, Neea},
    year         = 2022,
    month        = nov,
    booktitle    = {Companion Proceedings of the 2022 ACM SIGPLAN International Conference on Systems, Programming, Languages, and Applications: Software for Humanity},
    publisher    = {Association for Computing Machinery},
    series       = {SPLASH Companion 2022},
    volume       = {},
    pages        = {},
    doi          = {10.1145/3563768.3565545}
}
@inproceedings{zdancewic2004,
    title        = {Challenges for information-flow security},
    author       = {Zdancewic, Steve},
    year         = 2004,
    month        = aug,
    series       = {PLID'04},
    volume       = 6,
    url          = {https://www.cis.upenn.edu/~stevez/papers/Zda04.pdf},
    note         = {The 1st International Workshop on the Programming Language Interference and Dependence},
    permalink    = {https://web.archive.org/web/20240423095353/https://www.cis.upenn.edu/~stevez/papers/Zda04.pdf}
}
@misc{moyen2017,
    title        = {Implicit Complexity in Theory and Practice},
    author       = {Moyen, Jean-Yves},
    year         = 2017,
    url          = {https://lipn.univ-paris13.fr/~moyen/papiers/Habilitation_JY_Moyen.pdf},
    school       = {University of Copenhagen},
    type         = {Habilitation à Diriger des Recherches (HDR)},
    permalink    = {https://web.archive.org/web/20220124135246/https://lipn.univ-paris13.fr/~moyen/papiers/Habilitation_JY_Moyen.pdf}
}
@misc{pchoux2020,
    title        = {Complexit{\'e} implicite : bilan et perspectives},
    author       = {P{\'e}choux, Romain},
    year         = 2020,
    url          = {https://hal.univ-lorraine.fr/tel-02978986v3/file/HDR-RP.pdf},
    school       = {Universit{\'e} de Lorraine},
    type         = {Habilitation à Diriger des Recherches (HDR)},
    permalink    = {https://web.archive.org/web/20240101180316/https://hal.univ-lorraine.fr/tel-02978986v3/file/HDR-RP.pdf}
}
@misc{suomela2022,
    title        = {Programming Parallel Computers},
    author       = {Suomela, Jukka},
    year         = 2022,
    publisher    = {Aalto University},
    url          = {https://ppc.cs.aalto.fi},
    note         = {Accessed: 2024-12-06},
    type         = {Lecture notes},
    permalink    = {https://web.archive.org/web/20241129204918/https://ppc.cs.aalto.fi/}
}
@misc{wayne2019,
    title        = {Why Don't People Use Formal Methods?},
    author       = {Wayne, Hillel},
    year         = 2019,
    month        = jan,
    url          = {https://www.hillelwayne.com/post/why-dont-people-use-formal-methods/},
    note         = {Accessed: 2024-12-06},
    permalink    = {https://web.archive.org/web/20241120084415/https://www.hillelwayne.com/post/why-dont-people-use-formal-methods/}
}
@software{aubert202213,
    title        = {{Distributing and Parallelizing Non-canonical Loops -- Artifact}},
    author       = {Cl{\'{e}}ment Aubert and Thomas Rubiano and Neea Rusch and Thomas Seiller},
    year         = 2022,
    month        = sep,
    publisher    = {Zenodo},
    doi          = {10.5281/zenodo.7080145},
    url          = {https://github.com/statycc/loop-fission},
    version      = {1.0},
    permalink    = {https://zenodo.org/records/7080145}
}
@software{pymwp,
    title        = {pymwp: MWP analysis in Python},
    author       = {Cl{\'{e}}ment Aubert and Thomas Rubiano and Neea Rusch and Thomas Seiller},
    year         = 2024,
    month        = nov,
    publisher    = {Zenodo},
    doi          = {10.5281/zenodo.7879822},
    url          = {https://github.com/statycc/pymwp},
    version      = {0.5.2},
    permalink    = {https://zenodo.org/records/14212867}
}
@software{polybenchc,
    title        = {{PolyBench/C 4.2}},
    author       = {Pouchet, Louis-Noel and Yuki, Tomofumi},
    year         = 2018,
    month        = feb,
    url          = {https://sourceforge.net/projects/polybench/},
    version      = {4.2},
    permalink    = {https://archive.softwareheritage.org/swh:1:dir:6cc443c69f8ce8c531bc74ed2351fac6cafc2ca5;origin=https://svn.code.sf.net/p/polybench/code;visit=swh:1:snp:e5316f6ae647732dd6832bf6e0d3af8914b66c2d;anchor=swh:1:rev:f69bc6b79cd5997b2cd7275d3e3f03d6bec526f1}
}
@software{pycparser,
    title        = {{pycparser - Complete C99 parser in pure Python}},
    author       = {Eli Bendersky},
    year         = 2024,
    month        = mar,
    url          = {https://github.com/eliben/pycparser},
    version      = {2.22},
    permalink    = {https://archive.softwareheritage.org/swh:1:dir:f48c14592e9e24b30a42db8622fd48567a5600d5;origin=https://github.com/eliben/pycparser;visit=swh:1:snp:acdfd24a14f1e2af41d5e651c9226366099172e1;anchor=swh:1:rev:86030fe27b6f8a03c10d93a3011b50873944bd61}
}
@software{mathcomp,
    title        = {The Mathematical Components Library},
    author       = {the Mathematical Components team},
    year         = 2024,
    month        = dec,
    url          = {https://github.com/math-comp/math-comp},
    version      = {2.3.0},
    permalink    = {https://archive.softwareheritage.org/swh:1:dir:95deb8b6a4cd56cd5a2ae812da58f66daf69e007;origin=https://github.com/math-comp/math-comp;visit=swh:1:snp:85795070266d56ab273747dee6870544df1eaeba}
}
@techreport{biba1977,
    title        = {Integrity considerations for secure computer systems},
    author       = {Biba, Kenneth J and others},
    year         = 1977,
    pages        = {1--68},
    url          = {https://apps.dtic.mil/sti/pdfs/ADA039324.pdf},
    institution  = {Mitre Corporation Bedford, MA},
    permalink    = {https://web.archive.org/web/20230407101654/https://apps.dtic.mil/sti/pdfs/ADA039324.pdf}
}
@techreport{wdijkstra1970,
    title        = {Notes on structured programming},
    author       = {Edsger W. Dijkstra},
    year         = 1970,
    pages        = {1--82},
    url          = {https://dl.acm.org/doi/pdf/10.5555/1243380.1243381},
    institution  = {Department of Mathematics, Technological University Eindhoven, The Netherlands},
    permalink    = {https://web.archive.org/web/20240725063425/https://dl.acm.org/doi/pdf/10.5555/1243380.1243381}
}
@unpublished{aubert202217,
    title        = {Realizing Implicit Computational Complexity},
    author       = {Cl{\'{e}}ment Aubert and Thomas Rubiano and Neea Rusch and Thomas Seiller},
    year         = 2022,
    pages        = {1--4},
    url          = {https://types22.inria.fr/files/2022/06/TYPES_2022_paper_14.pdf},
    note         = {At the 28th International Conference on Types for Proofs and Programs (TYPES)},
    permalink    = {https://web.archive.org/web/20240421145148/https://types22.inria.fr/files/2022/06/TYPES_2022_paper_14.pdf}
}
@unpublished{aubert20231,
    title        = {Certifying Complexity Analysis},
    author       = {Cl{\'{e}}ment Aubert and Thomas Rubiano and Neea Rusch and Thomas Seiller},
    year         = 2023,
    pages        = {1--4},
    url          = {https://hal.science/hal-04083105v1/file/main.pdf},
    note         = {At the Ninth International Workshop on Coq for Programming Languages (CoqPL)},
    permalink    = {https://web.archive.org/web/20240415045146/https://hal.science/hal-04083105v1/file/main.pdf}
}
@unpublished{moyen2016,
    title        = {Detection of Non-Size Increasing Programs in Compilers},
    author       = {Moyen, Jean-Yves and Rubiano, Thomas},
    year         = 2016,
    pages        = {1--5},
    url          = {https://lipn.univ-paris13.fr/DICE2016/Abstracts/paper_2.pdf},
    note         = {At Developments in Implicit Computational Complexity (DICE 2016)},
    permalink    = {https://web.archive.org/web/20240415155343/https://lipn.univ-paris13.fr/DICE2016/Abstracts/paper_2.pdf}
}
